
@book{stanley_enumerative_1997,
	address = {Cambridge ;},
	edition = {2},
	series = {Cambridge studies in advanced mathematics},
	title = {Enumerative {Combinatorics}, {Volume} 1},
	volume = {1},
	isbn = {0-521-55309-1},
	language = {English},
	number = {49},
	publisher = {Cambridge University Press},
	author = {Stanley, Richard P.},
	year = {1997}
}

@book{knuth_art_2011,
	address = {Upper Saddle River, NJ},
	title = {The {Art} of {Computer} {Programming}: {Volume} 4A, {Combinatorial} {Algorithms}, {Part} 1},
	isbn = {978-0-201-03804-0},
	language = {English},
	publisher = {Addison-Wesley},
	author = {Knuth, Donald E.},
	year = {2011}
}

@misc{noauthor_twelvefold_nodate,
	title = {Twelvefold way - {Wikipedia}},
	url = {https://en.wikipedia.org/wiki/Twelvefold_way}
}

@misc{noauthor_project_nodate,
	title = {Project {Euler}},
	url = {https://projecteuler.net/},
	abstract = {Project Euler is a series of challenging mathematical/computer programming problems that will require more than just mathematical insights to solve. Although mathematics will help you arrive at elegant and efficient methods, the use of a computer and programming skills will be required to solve most problems.}
}